@article{king2022machine,
    author = {King, Z and Farrington, J. and Utley, M. and others},
    title = {Machine learning for real-time aggregated prediction of hospital admission for emergency patients},
    journal = {npj Digital Medicine},
    volume = {5},
    number = {104},
    year = {2022},
    doi = {10.1038/s41746-022-00649-y},
    url = {https://doi.org/10.1038/s41746-022-00649-y}
}

@misc{patientflow,
    author = {King, Z and Gillham, J and Utley, M and Graham, M and Crowe, S},
    title = {patientflow (Version 0.4.3) [Computer software]},
    year = {2025},
    publisher = {Python Package Index},
    url = {https://pypi.org/project/patientflow/},
    note = {Python package}
}

@misc{patientflow_data,
    author = {King, Z and Crowe, S},
    title = {Patient visits to the Emergency Department of an Acute Hospital; dataset to accompany the patientflow repository},
    year = {2025},
    publisher = {Zenodo},
    doi = {10.5281/zenodo.14866056},
    url = {https://doi.org/10.5281/zenodo.14866056},
    note = {Dataset}
}

@misc{patientflow_github,
    author = {King, Z and Gillham, J and Utley, M and Graham, M and Crowe, S},
    title = {patientflow: Code and explanatory notebooks for predicting short-term hospital bed demand using real-time data},
    year = {2024},
    publisher = {GitHub},
    url = {https://github.com/ucl-coru/patientflow},
    note = {GitHub repository}
}

@article{tyler2022improving,
  title={Improving uptake of simulation in healthcare: User-driven development of an open-source tool for modelling patient flow},
  author={Tyler, J. M. and Murch, B. J. and Vasilakis, C. and Wood, R. M.},
  journal={Journal of Simulation},
  volume={17},
  number={6},
  pages={765--782},
  year={2022},
  doi={10.1080/17477778.2022.2081521},
  note={Software available at \url{https://github.com/nhs-bnssg-analytics/PathSimR}}
}

@article{monks2023improving,
  author = {Monks, T. and Harper, A.},
  title = {Improving the usability of open health service delivery simulation models using Python and web apps [version 2; peer review: 3 approved]},
  journal = {NIHR Open Res},
  volume = {3},
  pages = {48},
  year = {2023},
  doi = {10.3310/nihropenres.13467.2},
  url = {https://doi.org/10.3310/nihropenres.13467.2}
}

@article{szabo2024patient,
  title={Patient Flow Analysis with a Custom Simulation Engine},
  author={Szab√≥, Z. and Hompoth, E. A. and Bilicki, V.},
  journal={Acta Cybernetica},
  volume={26},
  number={3},
  pages={637--669},
  year={2024},
  doi={10.14232/actacyb.299391},
  note={Software available at \url{https://github.com/szaboz/ActaPatientFlow}}
}

@article{worthington2019infinite,
  author = {Worthington, D. and Utley, M. and Suen, D.},
  title = {Infinite-server queueing models of demand in healthcare: A review of applications and ideas for further work},
  journal = {Journal of the Operational Research Society},
  volume = {71},
  number = {8},
  pages = {1145--1160},
  year = {2019},
  doi = {10.1080/01605682.2019.1609878},
  url = {https://doi.org/10.1080/01605682.2019.1609878}
}
