@article{gregory2024ginet,
      author = {Gregory, Wilson G.  and Hogg, David W.  and Blum-Smith, Ben  and Arias, Maria Teresa  and Wong, Kaze W. K.  and Villar, Soledad },
      title = {Equivariant geometric convolutions for dynamical systems on vector and tensor images},
      journal = {Philosophical Transactions of the Royal Society A: Mathematical, Physical and Engineering Sciences},
      volume = {383},
      number = {2298},
      pages = {20240247},
      year = {2025},
      doi = {10.1098/rsta.2024.0247},
      URL = {https://royalsocietypublishing.org/doi/abs/10.1098/rsta.2024.0247},
      eprint = {https://royalsocietypublishing.org/doi/pdf/10.1098/rsta.2024.0247},
}

@software{jax2018github,
  author = {James Bradbury and Roy Frostig and Peter Hawkins and Matthew James Johnson and Chris Leary and Dougal Maclaurin and George Necula and Adam Paszke and Jake Vander{P}las and Skye Wanderman-{M}ilne and Qiao Zhang},
  title = {{JAX}: composable transformations of {P}ython+{N}um{P}y programs},
  url = {http://github.com/jax-ml/jax},
  version = {0.3.13},
  year = {2018},
}

@misc{cohen2016steerablecnns,
      title={Steerable CNNs}, 
      author={Taco S. Cohen and Max Welling},
      year={2016},
      eprint={1612.08498},
      archivePrefix={arXiv},
      primaryClass={cs.LG},
      doi={10.48550/arXiv.1612.08498},
      url={https://arxiv.org/abs/1612.08498}, 
}

@misc{weiler2021steerable,
      title={General $E(2)$-Equivariant Steerable CNNs}, 
      author={Maurice Weiler and Gabriele Cesa},
      year={2021},
      eprint={1911.08251},
      archivePrefix={arXiv},
      primaryClass={cs.CV},
      doi={10.48550/arXiv.1911.08251},
      url={https://arxiv.org/abs/1911.08251}, 
}

@misc{brandstetter2023clifford,
      title={Clifford Neural Layers for PDE Modeling}, 
      author={Johannes Brandstetter and Rianne van den Berg and Max Welling and Jayesh K. Gupta},
      year={2023},
      eprint={2209.04934},
      archivePrefix={arXiv},
      primaryClass={cs.LG},
      doi={10.48550/arXiv.2209.04934},
      url={https://arxiv.org/abs/2209.04934}, 
}

@article{lecun1989backpropagation,
	Author = {LeCun, Yann and Boser, Bernhard and Denker, John S and Henderson, Donnie and Howard, Richard E and Hubbard, Wayne and Jackel, Lawrence D},
	Journal = {Neural Computation},
	Number = {4},
	Pages = {541--551},
	Publisher = {MIT Press},
	Title = {Backpropagation applied to handwritten zip code recognition},
	Volume = {1},
	Year = {1989},
      doi={10.1162/neco.1989.1.4.541},
}

@article{kidger2021equinox,
    author={Patrick Kidger and Cristian Garcia},
    title={{E}quinox: neural networks in {JAX} via callable {P}y{T}rees and filtered transformations},
    year={2021},
    journal={Differentiable Programming workshop at Neural Information Processing Systems 2021},
    doi={10.48550/arXiv.2111.00254},
}