@software{gvec_2025_zenodo,
  author       = {Hindenlang, Florian and
                  Babin, Robert and
                  Maj, Omar and
                  Ribeiro, Tiago and
                  Koeberl, Robert and
                  Muir, Dean and
                  Plunk, Gabriel and
                  Sonnendr√ºcker, Eric},
  title        = {GVEC: A flexible 3D MHD equilibrium solver},
  month        = mar,
  year         = 2025,
  publisher    = {Zenodo},
  version      = {v1.0},
  doi          = {10.5281/zenodo.15026781},
  url          = {https://doi.org/10.5281/zenodo.15026781},
}
