@ARTICLE{Astropy22,
       author = {{Astropy Collaboration} and {Price-Whelan}, Adrian M. and {Lim}, Pey Lian and {Earl}, Nicholas and {Starkman}, Nathaniel and {Bradley}, Larry and {Shupe}, David L. and {Patil}, Aarya A. and {Corrales}, Lia and {Brasseur}, C.~E. and {N{\"o}the}, Maximilian and {Donath}, Axel and {Tollerud}, Erik and {Morris}, Brett M. and {Ginsburg}, Adam and {Vaher}, Eero and {Weaver}, Benjamin A. and {Tocknell}, James and {Jamieson}, William and {van Kerkwijk}, Marten H. and {Robitaille}, Thomas P. and {Merry}, Bruce and {Bachetti}, Matteo and {G{\"u}nther}, H. Moritz and {Aldcroft}, Thomas L. and {Alvarado-Montes}, Jaime A. and {Archibald}, Anne M. and {B{\'o}di}, Attila and {Bapat}, Shreyas and {Barentsen}, Geert and {Baz{\'a}n}, Juanjo and {Biswas}, Manish and {Boquien}, M{\'e}d{\'e}ric and {Burke}, D.~J. and {Cara}, Daria and {Cara}, Mihai and {Conroy}, Kyle E. and {Conseil}, Simon and {Craig}, Matthew W. and {Cross}, Robert M. and {Cruz}, Kelle L. and {D'Eugenio}, Francesco and {Dencheva}, Nadia and {Devillepoix}, Hadrien A.~R. and {Dietrich}, J{\"o}rg P. and {Eigenbrot}, Arthur Davis and {Erben}, Thomas and {Ferreira}, Leonardo and {Foreman-Mackey}, Daniel and {Fox}, Ryan and {Freij}, Nabil and {Garg}, Suyog and {Geda}, Robel and {Glattly}, Lauren and {Gondhalekar}, Yash and {Gordon}, Karl D. and {Grant}, David and {Greenfield}, Perry and {Groener}, Austen M. and {Guest}, Steve and {Gurovich}, Sebastian and {Handberg}, Rasmus and {Hart}, Akeem and {Hatfield-Dodds}, Zac and {Homeier}, Derek and {Hosseinzadeh}, Griffin and {Jenness}, Tim and {Jones}, Craig K. and {Joseph}, Prajwel and {Kalmbach}, J. Bryce and {Karamehmetoglu}, Emir and {Ka{\l}uszy{\'n}ski}, Miko{\l}aj and {Kelley}, Michael S.~P. and {Kern}, Nicholas and {Kerzendorf}, Wolfgang E. and {Koch}, Eric W. and {Kulumani}, Shankar and {Lee}, Antony and {Ly}, Chun and {Ma}, Zhiyuan and {MacBride}, Conor and {Maljaars}, Jakob M. and {Muna}, Demitri and {Murphy}, N.~A. and {Norman}, Henrik and {O'Steen}, Richard and {Oman}, Kyle A. and {Pacifici}, Camilla and {Pascual}, Sergio and {Pascual-Granado}, J. and {Patil}, Rohit R. and {Perren}, Gabriel I. and {Pickering}, Timothy E. and {Rastogi}, Tanuj and {Roulston}, Benjamin R. and {Ryan}, Daniel F. and {Rykoff}, Eli S. and {Sabater}, Jose and {Sakurikar}, Parikshit and {Salgado}, Jes{\'u}s and {Sanghi}, Aniket and {Saunders}, Nicholas and {Savchenko}, Volodymyr and {Schwardt}, Ludwig and {Seifert-Eckert}, Michael and {Shih}, Albert Y. and {Jain}, Anany Shrey and {Shukla}, Gyanendra and {Sick}, Jonathan and {Simpson}, Chris and {Singanamalla}, Sudheesh and {Singer}, Leo P. and {Singhal}, Jaladh and {Sinha}, Manodeep and {Sip{\H{o}}cz}, Brigitta M. and {Spitler}, Lee R. and {Stansby}, David and {Streicher}, Ole and {{\v{S}}umak}, Jani and {Swinbank}, John D. and {Taranu}, Dan S. and {Tewary}, Nikita and {Tremblay}, Grant R. and {Val-Borro}, Miguel de and {Van Kooten}, Samuel J. and {Vasovi{\'c}}, Zlatan and {Verma}, Shresth and {de Miranda Cardoso}, Jos{\'e} Vin{\'\i}cius and {Williams}, Peter K.~G. and {Wilson}, Tom J. and {Winkel}, Benjamin and {Wood-Vasey}, W.~M. and {Xue}, Rui and {Yoachim}, Peter and {Zhang}, Chen and {Zonca}, Andrea and {Astropy Project Contributors}},
        title = "{The Astropy Project: Sustaining and Growing a Community-oriented Open-source Project and the Latest Major Release (v5.0) of the Core Package}",
      journal = {Astrophysical Journal},
     keywords = {Astronomy software, Open source software, Astronomy data analysis, 1855, 1866, 1858, Astrophysics - Instrumentation and Methods for Astrophysics},
         year = 2022,
        month = aug,
       volume = {935},
       number = {2},
          eid = {167},
        pages = {167},
          doi = {10.3847/1538-4357/ac7c74},
archivePrefix = {arXiv},
       eprint = {2206.14220},
 primaryClass = {astro-ph.IM},
       adsurl = {https://ui.adsabs.harvard.edu/abs/2022ApJ...935..167A},
      adsnote = {Provided by the SAO/NASA Astrophysics Data System}
}

@software{Barbary16,
       author = {{Barbary}, Kyle},
        title = "{extinction v0.3.0}",
         year = 2016,
        month = dec,
          eid = {10.5281/zenodo.804967},
          doi = {10.5281/zenodo.804967},
    publisher = {Zenodo},
       adsurl = {https://ui.adsabs.harvard.edu/abs/2016zndo....804967B},
      adsnote = {Provided by the SAO/NASA Astrophysics Data System}
}

@ARTICLE{Bastiaansen92,
       author = {{Bastiaansen}, P.~A.},
        title = "{Narrow band multicolor photometry of reddened and unreddened early-type stars.}",
      journal = {Astronomy and Astrophysics},
     keywords = {Early Stars, Interstellar Extinction, Stellar Spectrophotometry, Ubv Spectra, Narrowband, Polarization (Waves), Stellar Evolution, Astronomy},
         year = 1992,
        month = jun,
       volume = {93},
        pages = {449-462},
       adsurl = {https://ui.adsabs.harvard.edu/abs/1992A&AS...93..449B},
      adsnote = {Provided by the SAO/NASA Astrophysics Data System}
}

@ARTICLE{Cardelli89,
   author = {{Cardelli}, J.~A. and {Clayton}, G.~C. and {Mathis}, J.~S.},
    title = "{The relationship between infrared, optical, and ultraviolet extinction}",
  journal = {Astrophysical Journal},
     year = 1989,
    month = oct,
   volume = 345,
    pages = {245-256},
      doi = {10.1086/167900},
   adsurl = {http://adsabs.harvard.edu/cgi-bin/nph-bib_query?bibcode=1989ApJ...345..245C&db_key=AST},
  adsnote = {Provided by the Smithsonian/NASA Astrophysics Data System}
}

@ARTICLE{Compiegne11,
   author = {{Compi{\`e}gne}, M. and {Verstraete}, L. and {Jones}, A. and  {Bernard}, J.-P. and {Boulanger}, F. and {Flagey}, N. and {Le Bourlot}, J. and {Paradis}, D. and {Ysard}, N.},
    title = "{The global dust SED: tracing the nature and evolution of dust with DustEM}",
  journal = {Astronomy and Astrophysics},
archivePrefix = "arXiv",
   eprint = {1010.2769},
 primaryClass = "astro-ph.GA",
 keywords = {radiation mechanisms: thermal, methods: numerical, dust, extinction, infrared: ISM},
     year = 2011,
    month = jan,
   volume = 525,
      eid = {A103},
    pages = {A103},
      doi = {10.1051/0004-6361/201015292},
   adsurl = {http://adsabs.harvard.edu/abs/2011A%26A...525A.103C},
  adsnote = {Provided by the SAO/NASA Astrophysics Data System}
}

@ARTICLE{Decleir22,
       author = {{Decleir}, Marjorie and {Gordon}, Karl D. and {Andrews}, Jennifer E. and {Clayton}, Geoffrey C. and {Cushing}, Michael C. and {Misselt}, Karl A. and {Pendleton}, Yvonne and {Rayner}, John and {Vacca}, William D. and {Whittet}, D.~C.~B.},
        title = "{SpeX Near-infrared Spectroscopic Extinction Curves in the Milky Way}",
      journal = {Astrophysical Journal},
     keywords = {Interstellar dust, Interstellar dust extinction, Extinction, Reddened stars, Interstellar extinction, Interstellar reddening, Interstellar medium, Near infrared astronomy, Reddening law, Milky Way Galaxy, 836, 837, 505, 1376, 841, 853, 847, 1093, 1377, 1054, Astrophysics - Astrophysics of Galaxies},
         year = 2022,
        month = may,
       volume = {930},
       number = {1},
          eid = {15},
        pages = {15},
          doi = {10.3847/1538-4357/ac5dbe},
archivePrefix = {arXiv},
       eprint = {2204.13716},
 primaryClass = {astro-ph.GA},
       adsurl = {https://ui.adsabs.harvard.edu/abs/2022ApJ...930...15D},
      adsnote = {Provided by the SAO/NASA Astrophysics Data System}
}

@ARTICLE{Desert90,
   author = {{Desert}, F.-X. and {Boulanger}, F. and {Puget}, J.~L.},
    title = "{Interstellar dust models for extinction and emission}",
  journal = {Astronomy and Astrophysics},
 keywords = {COSMIC DUST, EMISSION SPECTRA, INFRARED RADIATION, INTERSTELLAR MATTER, ASTRONOMICAL MODELS, CARBON, EXTINCTION, GRAIN SIZE, PARTICLE SIZE DISTRIBUTION, SILICATES},
     year = 1990,
    month = oct,
   volume = 237,
    pages = {215-236},
   adsurl = {http://adsabs.harvard.edu/abs/1990A%26A...237..215D},
  adsnote = {Provided by the SAO/NASA Astrophysics Data System}
}

@ARTICLE{Draine03,
   author = {{Draine}, B.~T.},
    title = "{Interstellar Dust Grains}",
  journal = {Annual Reviews of Astronomy and Astrophysics},
   eprint = {arXiv:astro-ph/0304489},
     year = 2003,
   volume = 41,
    pages = {241-289},
      doi = {10.1146/annurev.astro.41.011802.094840},
   adsurl = {http://adsabs.harvard.edu/abs/2003ARA%26A..41..241D},
  adsnote = {Provided by the SAO/NASA Astrophysics Data System}
}

@ARTICLE{Fitzpatrick90,
   author = {{Fitzpatrick}, E.~L. and {Massa}, D.},
    title = "{An analysis of the shapes of ultraviolet extinction curves. III - an atlas of ultraviolet extinction curves}",
  journal = {Astrophysical Journal},
     year = 1990,
    month = jan,
   volume = 72,
    pages = {163-189},
      doi = {10.1086/191413},
   adsurl = {http://adsabs.harvard.edu/cgi-bin/nph-bib_query?bibcode=1990ApJS...72..163F&db_key=AST},
  adsnote = {Provided by the Smithsonian/NASA Astrophysics Data System}
}

@ARTICLE{Fitzpatrick99,
       author = {{Fitzpatrick}, E. L.},
        title = "{Correcting for the Effects of Interstellar Extinction}",
      journal = {Publications of the Astronomical Socienty of the Pacific},
     keywords = {ISM: DUST, EXTINCTION, Astrophysics},
         year = 1999,
        month = jan,
       volume = {111},
       number = {755},
        pages = {63-75},
          doi = {10.1086/316293},
archivePrefix = {arXiv},
       eprint = {astro-ph/9809387},
 primaryClass = {astro-ph},
       adsurl = {https://ui.adsabs.harvard.edu/abs/1999PASP..111...63F},
      adsnote = {Provided by the SAO/NASA Astrophysics Data System}
}

@INPROCEEDINGS{Fitzpatrick04,
       author = {{Fitzpatrick}, E.~L.},
        title = "{Interstellar Extinction in the Milky Way Galaxy}",
     keywords = {Astrophysics},
    booktitle = {Astrophysics of Dust},
         year = 2004,
       editor = {{Witt}, Adolf N. and {Clayton}, Geoffrey C. and {Draine}, Bruce T.},
       series = {Astronomical Society of the Pacific Conference Series},
       volume = {309},
        month = may,
        pages = {33},
          doi = {10.48550/arXiv.astro-ph/0401344},
archivePrefix = {arXiv},
       eprint = {astro-ph/0401344},
 primaryClass = {astro-ph},
       adsurl = {https://ui.adsabs.harvard.edu/abs/2004ASPC..309...33F},
      adsnote = {Provided by the SAO/NASA Astrophysics Data System}
}

@ARTICLE{Fitzpatrick19,
       author = {{Fitzpatrick}, E.~L. and {Massa}, Derck and {Gordon}, Karl D. and {Bohlin}, Ralph and {Clayton}, Geoffrey C.},
        title = "{An Analysis of the Shapes of Interstellar Extinction Curves. VII. Milky Way Spectrophotometric Optical-through-ultraviolet Extinction and Its R-dependence}",
      journal = {Astrophysical Journal},
     keywords = {Interstellar dust, Interstellar dust extinction, Interstellar dust processes, Interstellar absorption, Interstellar reddening, Interstellar scattering, Astrophysics - Astrophysics of Galaxies, Astrophysics - Solar and Stellar Astrophysics},
         year = 2019,
        month = dec,
       volume = {886},
       number = {2},
          eid = {108},
        pages = {108},
          doi = {10.3847/1538-4357/ab4c3a},
archivePrefix = {arXiv},
       eprint = {1910.08852},
 primaryClass = {astro-ph.GA},
       adsurl = {https://ui.adsabs.harvard.edu/abs/2019ApJ...886..108F},
      adsnote = {Provided by the SAO/NASA Astrophysics Data System}
}

@ARTICLE{Gordon03,
   author = {{Gordon}, Karl D. and {Clayton}, G.~C. and {Misselt}, K.~A. and {Landolt}, A.~U. and {Wolff}, M.~J.},
    title = "{A Quantitative Comparison of the Small Magellanic Cloud, Large Magellanic Cloud, and Milky Way Ultraviolet to Near-Infrared Extinction Curves}",
  journal = {Astrophysical Journal},
   eprint = {astro-ph/0305257},
     year = 2003,
    month = sep,
   volume = 594,
    pages = {279-293},
      doi = {10.1086/376774},
   adsurl = {http://adsabs.harvard.edu/cgi-bin/nph-bib_query?bibcode=2003ApJ...594..279G&db_key=AST},
  adsnote = {Provided by the Smithsonian/NASA Astrophysics Data System}
}

@ARTICLE{Gordon09,
   author = {{Gordon}, Karl D. and {Cartledge}, S. and {Clayton}, G.~C.},
    title = "{FUSE Measurements of Far-Ultraviolet Extinction. III. The Dependence on R(V) and Discrete Feature Limits from 75 Galactic Sightlines}",
  journal = {Astrophysical Journal},
archivePrefix = "arXiv",
   eprint = {0909.3087},
 keywords = {dust, extinction},
     year = 2009,
    month = nov,
   volume = 705,
    pages = {1320-1335},
      doi = {10.1088/0004-637X/705/2/1320},
   adsurl = {http://adsabs.harvard.edu/abs/2009ApJ...705.1320G},
  adsnote = {Provided by the SAO/NASA Astrophysics Data System}
}

@ARTICLE{Gordon21,
       author = {{Gordon}, Karl D. and {Misselt}, Karl A. and {Bouwman}, Jeroen and {Clayton}, Geoffrey C. and {Decleir}, Marjorie and {Hines}, Dean C. and {Pendleton}, Yvonne and {Rieke}, George and {Smith}, J.~D.~T. and {Whittet}, D.~C.~B.},
        title = "{Milky Way Mid-Infrared Spitzer Spectroscopic Extinction Curves: Continuum and Silicate Features}",
      journal = {Astrophysical Journal},
     keywords = {Interstellar dust, Interstellar dust extinction, Silicate grains, Ultraviolet extinction, 836, 837, 1456, 1738, Astrophysics - Astrophysics of Galaxies},
         year = 2021,
        month = jul,
       volume = {916},
       number = {1},
          eid = {33},
        pages = {33},
          doi = {10.3847/1538-4357/ac00b7},
archivePrefix = {arXiv},
       eprint = {2105.05087},
 primaryClass = {astro-ph.GA},
       adsurl = {https://ui.adsabs.harvard.edu/abs/2021ApJ...916...33G},
      adsnote = {Provided by the SAO/NASA Astrophysics Data System}
}

@ARTICLE{Gordon23,
       author = {{Gordon}, Karl D. and {Clayton}, Geoffrey C. and {Decleir}, Marjorie and {Fitzpatrick}, E.~L. and {Massa}, Derck and {Misselt}, Karl A. and {Tollerud}, Erik J.},
        title = "{One Relation for All Wavelengths: The Far-ultraviolet to Mid-infrared Milky Way Spectroscopic R(V)-dependent Dust Extinction Relationship}",
      journal = {Astrophysical Journal},
     keywords = {Interstellar dust, Interstellar extinction, Interstellar dust extinction, Interstellar reddening, Reddened stars, Interstellar medium, Reddening law, Milky Way Galaxy, Ultraviolet extinction, Spectroscopy, 836, 841, 837, 853, 1376, 847, 1377, 1054, 1738, 1558, Astrophysics - Astrophysics of Galaxies},
         year = 2023,
        month = jun,
       volume = {950},
       number = {2},
          eid = {86},
        pages = {86},
          doi = {10.3847/1538-4357/accb59},
archivePrefix = {arXiv},
       eprint = {2304.01991},
 primaryClass = {astro-ph.GA},
       adsurl = {https://ui.adsabs.harvard.edu/abs/2023ApJ...950...86G},
      adsnote = {Provided by the SAO/NASA Astrophysics Data System}
}

@ARTICLE{Gordon24,
       author = {{Gordon}, Karl D. and {Fitzpatrick}, E.~L. and {Massa}, Derck and {Bohlin}, Ralph and {Chastenet}, J{\'e}r{\'e}my and {Murray}, Claire E. and {Clayton}, Geoffrey C. and {Lennon}, Daniel J. and {Misselt}, Karl A. and {Sandstrom}, Karin},
        title = "{Expanded Sample of Small Magellanic Cloud Ultraviolet Dust Extinction Curves: Correlations between the 2175 {\r{A}} Bump, q $_{PAH}$, Ultraviolet Extinction Shape, and N(H I)/A(V)}",
      journal = {Astrophysical Journal},
     keywords = {Interstellar dust, Interstellar dust extinction, Ultraviolet extinction, Small Magellanic Cloud, 836, 837, 1738, 1468, Astrophysics - Astrophysics of Galaxies},
         year = 2024,
        month = jul,
       volume = {970},
       number = {1},
          eid = {51},
        pages = {51},
          doi = {10.3847/1538-4357/ad4be1},
archivePrefix = {arXiv},
       eprint = {2405.12792},
 primaryClass = {astro-ph.GA},
       adsurl = {https://ui.adsabs.harvard.edu/abs/2024ApJ...970...51G},
      adsnote = {Provided by the SAO/NASA Astrophysics Data System}
}

@ARTICLE{Hensley23,
       author = {{Hensley}, Brandon S. and {Draine}, B.~T.},
        title = "{The Astrodust+PAH Model: A Unified Description of the Extinction, Emission, and Polarization from Dust in the Diffuse Interstellar Medium}",
      journal = {Astrophysical Journal},
     keywords = {Dust composition, Dust continuum emission, Dust formation, Dust physics, Astrophysical dust processes, Interstellar dust extinction, Interstellar dust processes, Optical constants (Dust), Starlight polarization, 2271, 412, 2269, 2229, 99, 837, 838, 2270, 1571, Astrophysics - Astrophysics of Galaxies},
         year = 2023,
        month = may,
       volume = {948},
       number = {1},
          eid = {55},
        pages = {55},
          doi = {10.3847/1538-4357/acc4c2},
archivePrefix = {arXiv},
       eprint = {2208.12365},
 primaryClass = {astro-ph.GA},
       adsurl = {https://ui.adsabs.harvard.edu/abs/2023ApJ...948...55H},
      adsnote = {Provided by the SAO/NASA Astrophysics Data System}
}

@ARTICLE{Jones13,
       author = {{Jones}, A.~P. and {Fanciullo}, L. and {K{\"o}hler}, M. and {Verstraete}, L. and {Guillet}, V. and {Bocchio}, M. and {Ysard}, N.},
        title = "{The evolution of amorphous hydrocarbons in the ISM: dust modelling from a new vantage point}",
      journal = {Astronomy and Astrophysics},
     keywords = {dust, extinction, photon-dominated region, ISM: molecules, Astrophysics - Astrophysics of Galaxies},
         year = 2013,
        month = oct,
       volume = {558},
          eid = {A62},
        pages = {A62},
          doi = {10.1051/0004-6361/201321686},
archivePrefix = {arXiv},
       eprint = {1411.6293},
 primaryClass = {astro-ph.GA},
       adsurl = {https://ui.adsabs.harvard.edu/abs/2013A&A...558A..62J},
      adsnote = {Provided by the SAO/NASA Astrophysics Data System}
}

@ARTICLE{ODonnell94,
       author = {{O'Donnell}, James E.},
        title = "{R v-dependent Optical and Near-Ultraviolet Extinction}",
      journal = {Astrophysical Journal},
     keywords = {Interstellar Extinction, Light (Visible Radiation), Near Infrared Radiation, Ultraviolet Radiation, Astronomical Photometry, Iue, Astrophysics, ISM: DUST, EXTINCTION},
         year = 1994,
        month = feb,
       volume = {422},
        pages = {158},
          doi = {10.1086/173713},
       adsurl = {https://ui.adsabs.harvard.edu/abs/1994ApJ...422..158O},
      adsnote = {Provided by the SAO/NASA Astrophysics Data System}
}

@ARTICLE{MaizApellaniz14,
       author = {{Ma{\'\i}z Apell{\'a}niz}, J. and {Evans}, C.~J. and {Barb{\'a}}, R.~H. and {Gr{\"a}fener}, G. and {Bestenlehner}, J.~M. and {Crowther}, P.~A. and {Garc{\'\i}a}, M. and {Herrero}, A. and {Sana}, H. and {Sim{\'o}n-D{\'\i}az}, S. and {Taylor}, W.~D. and {van Loon}, J. Th. and {Vink}, J.~S. and {Walborn}, N.~R.},
        title = "{The VLT-FLAMES Tarantula Survey. XVI. The optical and NIR extinction laws in 30 Doradus and the photometric determination of the effective temperatures of OB stars}",
      journal = {Astronomy and Astrophysics},
     keywords = {open clusters and associations: individual: 30 Doradus, dust, extinction, Magellanic Clouds, stars: early-type, stars: fundamental parameters, Astrophysics - Astrophysics of Galaxies, Astrophysics - Cosmology and Nongalactic Astrophysics, Astrophysics - Instrumentation and Methods for Astrophysics, Astrophysics - Solar and Stellar Astrophysics},
         year = 2014,
        month = apr,
       volume = {564},
          eid = {A63},
        pages = {A63},
          doi = {10.1051/0004-6361/201423439},
archivePrefix = {arXiv},
       eprint = {1402.3062},
 primaryClass = {astro-ph.GA},
       adsurl = {https://ui.adsabs.harvard.edu/abs/2014A&A...564A..63M},
      adsnote = {Provided by the SAO/NASA Astrophysics Data System}
}

@ARTICLE{Steinacker13,
   author = {{Steinacker}, J. and {Baes}, M. and {Gordon}, K.~D.},
    title = "{Three-Dimensional Dust Radiative Transfer*}",
  journal = {Annual Reviews of Astronomy and Astrophysics},
archivePrefix = "arXiv",
   eprint = {1303.4998},
 primaryClass = "astro-ph.IM",
     year = 2013,
    month = aug,
   volume = 51,
    pages = {63-104},
      doi = {10.1146/annurev-astro-082812-141042},
   adsurl = {http://adsabs.harvard.edu/abs/2013ARA%26A..51...63S},
  adsnote = {Provided by the SAO/NASA Astrophysics Data System}
}

@ARTICLE{Valencic04,
   author = {{Valencic}, L.~A. and {Clayton}, G.~C. and {Gordon}, K.~D.},
    title = "{Ultraviolet Extinction Properties in the Milky Way}",
  journal = {Astrophysical Journal},
     year = 2004,
    month = dec,
   volume = 616,
    pages = {912-924},
      doi = {10.1086/424922},
   adsurl = {http://adsabs.harvard.edu/cgi-bin/nph-bib_query?bibcode=2004ApJ...616..912V&db_key=AST},
  adsnote = {Provided by the Smithsonian/NASA Astrophysics Data System}
}

@ARTICLE{Weingartner01,
   author = {{Weingartner}, J.~C. and {Draine}, B.~T.},
    title = "{Dust Grain-Size Distributions and Extinction in the Milky Way, Large Magellanic Cloud, and Small Magellanic Cloud}",
  journal = {Astrophysical Journal},
     year = 2001,
    month = feb,
   volume = 548,
    pages = {296-309},
      doi = {10.1086/318651},
   adsurl = {http://adsabs.harvard.edu/cgi-bin/nph-bib_query?bibcode=2001ApJ...548..296W&db_key=AST},
  adsnote = {Provided by the Smithsonian/NASA Astrophysics Data System}
}

@ARTICLE{Ysard24,
       author = {{Ysard}, N. and {Jones}, A.~P. and {Guillet}, V. and {Demyk}, K. and {Decleir}, M. and {Verstraete}, L. and {Choubani}, I. and {Miville-Desch{\^e}nes}, M. -A. and {Fanciullo}, L.},
        title = "{THEMIS 2.0: A self-consistent model for dust extinction, emission, and polarisation}",
      journal = {Astronomy and Astrophysics},
     keywords = {polarization, dust, extinction, ISM: general, infrared: ISM, submillimeter: ISM, Astrophysics - Astrophysics of Galaxies},
         year = 2024,
        month = apr,
       volume = {684},
          eid = {A34},
        pages = {A34},
          doi = {10.1051/0004-6361/202348391},
archivePrefix = {arXiv},
       eprint = {2401.07739},
 primaryClass = {astro-ph.GA},
       adsurl = {https://ui.adsabs.harvard.edu/abs/2024A&A...684A..34Y},
      adsnote = {Provided by the SAO/NASA Astrophysics Data System}
}

@ARTICLE{Zubko04,
   author = {{Zubko}, V. and {Dwek}, E. and {Arendt}, R.~G.},
    title = "{Interstellar Dust Models Consistent with Extinction, Emission, and Abundance Constraints}",
  journal = {Astrophysical Journal},
     year = 2004,
    month = jun,
   volume = 152,
    pages = {211-249},
      doi = {10.1086/382351},
   adsurl = {http://adsabs.harvard.edu/cgi-bin/nph-bib_query?bibcode=2004ApJS..152..211Z&db_key=AST},
  adsnote = {Provided by the Smithsonian/NASA Astrophysics Data System}
}