@misc{ccpa,
  title = {California Consumer Privacy Act (CCPA), as amended by the California Privacy Rights Act (CPRA)},
  year = {2018},
  note = {California Civil Code §§ 1798.100–1798.199; amended via Proposition 24 (2020); source updated March 13, 2024},
  url = {https://oag.ca.gov/privacy/ccpa},
  author = {{California Department of Justice, Office of the Attorney General}}
}

@misc{c2pa_spec,
  title = {Coalition for Content Provenance and Authenticity (C2PA) Specification},
  author = {{C2PA}},
  year = {2025},
  url = {https://spec.c2pa.org/specifications/specifications/2.2/index.html}
}

@misc{content_credentials,
  title = {Adobe Content Credentials},
  author = {{Adobe Inc.}},
  year = {2025},
  url = {https://contentcredentials.org/}
}

@misc{cwe_mitre,
  title = {Common Weakness Enumeration (CWE)},
  author = {{MITRE Corporation}},
  year = {2025},
  note = {Project-specific catalog adapted for transparency.},
  url = {https://cwe.mitre.org/about/index.html}
}

@misc{dsa_eu,
  title = {Digital Services Act (DSA)},
  author = {{European Union}},
  year = {2022},
  url = {https://digital-strategy.ec.europa.eu/en/policies/digital-services-act-package}
}

@misc{gdpr_eu,
  title = {Complete guide to General Data Protection Regulation (GDPR) compliance},
  author = {{European Union}},
  year = {2016},
  url = {https://gdpr.eu/}
}

@misc{graphika,
  title = {Graphika},
  author = {{Graphika Inc.}},
  year = {2025},
  url = {https://graphika.com/}
}

@misc{meedan,
  title = {Meedan},
  author = {{Meedan}},
  year = {2025},
  url = {https://meedan.com/}
}

@misc{openapi_spec,
  title = {OpenAPI Specification (OAS)},
  author = {{OpenAPI Initiative}},
  year = {2025},
  url = {https://www.openapis.org/}
}

@misc{osome,
  title = {Observatory on Social Media (OSoMe)},
  author = {{Indiana University}},
  year = {2025},
  url = {https://osome.iu.edu/}
}

@misc{soc2_aicpa,
  title = {System and Organization Controls 2 (SOC 2)},
  author = {{AICPA}},
  year = {2025},
  url = {https://www.aicpa.org/resources/article/what-is-soc-2}
}

@misc{starling_lab,
  title = {Starling Lab},
  author = {{Stanford University and USC Shoah Foundation}},
  year = {2025},
  url = {https://starlinglab.org/}
}

@article{vosoughi2018spread,
  title = {The spread of true and false news online},
  author = {Vosoughi, Soroush and Roy, Deb and Aral, Sinan},
  journal = {Science},
  volume = {359},
  number = {6380},
  pages = {1146--1151},
  year = {2018},
  publisher = {American Association for the Advancement of Science},
  doi = {10.1126/science.aap9559}
}

@article{jackson2022c2pa,
  title = {Trust in digital media: Implementing the Coalition for Content Provenance and Authenticity (C2PA)},
  author = {Jackson, Michael and Lewis, Rebecca},
  journal = {Journal of Online Trust and Safety},
  volume = {1},
  number = {1},
  year = {2022},
  url = {https://tsjournal.org/article/view/20}
}
