@article{radionets,
	author = {{Schmidt, K.} and {Geyer, F.} and {Fröse, S.} and {Blomenkamp, P.-S.} and {Brüggen, M.} and {de Gasperin, F.} and {Elsässer, D.} and {Rhode, W.}},
	title = {Deep learning-based imaging in radio interferometry},
	DOI= "10.1051/0004-6361/202142113",
	url= "https://doi.org/10.1051/0004-6361/202142113",
	journal = {A\&A},
	year = 2022,
	volume = 664,
	pages = "A134",
}
